@book{springInAction,
	title = {Spring w akcji. Wydanie III},
	year = {2013},
	author = {Craig Walls},
	publisher = {Helion},
}

@book{designPatterns,
	title = {Wzorce projektowe. Elementy oprogramowania obiektowego wielokrotnego użytku},
	year = {Kwiecień 2005},
	author = {Erich Gamma, Richard Helm, Ralph Johnson, John Vlissides},
	publisher = {Wydawnictwa Naukowo Techniczne},
}

@book{enterpriseDesignPatterns,
	title = {Architektura systemów zarządzania przedsiębiorstwem. Wzorce projektowe},
	year = {2005},
	author = {Martin Fowler},
	editor = {Paweł Koronkiewicz, Piotr Rajca},
	publisher = {Helion},
}

@book{sachaha,
	title = {Inżynieria oprogramowania},
	year = {2010},
	author = {Krzysztof Sacha},
	publisher = {Wydawnictwo Naukowe PWN},
}

@book{hibernate,
	title = {Java Persistence with Hibernate},
	year = {2006},
	author = {Christian Bauer, Gavin King},
	publisher = {Manning Publications Co},
}

@book{javeEfefective,
	title = {Java. Efektywne programowanie. Wydanie II},
	year = {2009},
	author = {Joshua Bloch},
	publisher = {Helion},
}

@book{umlCostam,
	title = {UML i wzorce projektowe. Analiza i projektowanie obiektowe oraz iteracyjny model wytwarzania aplikacji. Wydanie III},
	year = {2011},
	author = {Craig Larman},
	publisher = {Helion},
}

@book{refaktoryzacja,
	title = {Refaktoryzacja. Ulepszanie struktury istniejącego kodu},
	year = {2011},
	author = {Martin Fowler, Kent Beck, John Brant, William Opdyke, Don Roberts},
	publisher = {Helion},
}

@unpublished{springManual,
	title =	{{Dokumentacja szkieletu Spring, \hyperref[label1]{http://docs.spring.io/spring/docs/4.0.1.BUILD-
	SNAPSHOT/spring-framework-reference/pdf/spring-framework-reference.pdf}, \\dostęp~28.06.2014}},
	url = {http://docs.spring.io/spring/docs/4.0.1.BUILD-SNAPSHOT/spring-framework-reference/pdf/spring-framework-reference.pdf},
}

@unpublished{springTutorial,
	title =	{{Oficjalne poradnik dla szkieletu Spring, \hyperref[label2]{https://spring.io/guides}, dostęp 01.07.2014}},
	url = {https://spring.io/guides},
}

@unpublished{springSecurityTutorial,
	title =	{{Dokumentacja modułu Spring Security, \hyperref[label3]{http://docs.spring.io/springsecu-rity/site/
	docs/3.2.5.RELEASE/reference/htmlsingle/}, dostęp 25.07.2014}},
	url = {http://docs.spring.io/springsecu-rity/site/docs/3.2.5.RELEASE/reference/htmlsingle/},
}

@unpublished{vaadin,
	title =	{{Book of Vaadin, \hyperref[label1]{https://vaadin.com/download/book-of-vaadin/vaadin-7/pdf/book-
	of-vaadin.pdf}, dostęp~29.05.2014}},
	url = {https://vaadin.com/download/book-of-vaadin/vaadin-7/pdf/book-of-vaadin.pdf},
}

@unpublished{jasperReports,
	title =	{{Oficiajlny poradnik narzędzia JasperReports, \hyperref[label1]{https://community.jaspersoft.com/wiki/
	jasperreports-library-tutorial}, dostęp~18.07.2014}},
	url = {https://community.jaspersoft.com/wiki/jasperreports-library-tutorial},
}




% ex: set tabstop=4 shiftwidth=4 softtabstop=4 noexpandtab fileformat=unix filetype=bib spelllang=pl,en spell:
